
@misc{stump2021_cedillecore,
    title={Syntax and Semantics of Cedille}, 
    author={Aaron Stump and Christopher Jenkins},
    year={2021},
    eprint={1806.04709},
    archivePrefix={arXiv},
    primaryClass={cs.PL}
}

@article{stump2017_cdle,
    title={The calculus of dependent lambda eliminations},
    author={Stump, Aaron},
    journal={Journal of Functional Programming},
    volume={27},
    pages={e14},
    year={2017},
    publisher={Cambridge University Press}
}

@article{2023pitts_lns,
    author = {Pitts, Andrew M.},
    title = {Locally Nameless Sets},
    year = {2023},
    issue_date = {January 2023},
    publisher = {Association for Computing Machinery},
    address = {New York, NY, USA},
    volume = {7},
    number = {POPL},
    url = {https://doi.org/10.1145/3571210},
    doi = {10.1145/3571210},
    journal = {Proc. ACM Program. Lang.},
    month = {jan},
    articleno = {17},
    numpages = {27},
keywords = {category theory, name binding, cofinite quantification, locally nameless, Agda, metatheory of syntax, initial algebra}
}